@article{hurtado2022rol,
  title={El rol del sector informal en Bolivia: Una primera mirada a trav{\'e}s de un enfoque de equilibrio general din{\'a}mico estoc{\'a}stico},
  author={Hurtado, Valeria Fernanda Jemio},
  year={2022}
}

@article{herbas2020analisis,
  title={An{\'a}lisis de las causas del cumplimiento y evasi{\'o}n tributaria: Evidencia de Bolivia},
  author={Herbas-Torrico, Boris Christian and Gonzales-Rocha, Erick Ariel},
  journal={Revista Perspectivas},
  number={46},
  pages={119--184},
  year={2020},
  publisher={Universidad Cat{\'o}lica Boliviana San Pablo, Unidad Acad{\'e}mica Regional Cochabamba}
}

@article{vargas2011ser,
  title={Ser o no ser Informal: una simulaci{\'o}n estructural para Bolivia},
  author={Vargas, M and Fundaci{\'o}n, ARU},
  journal={Manuscrito no publicado, Fundaci{\'o}n ARU, La Paz, Bolivia},
  year={2011}
}

@article{urquidi2021brecha,
  title={Brecha de ingresos laborales por genero en Bolivia. Un analisis de su evolucion en el periodo 1993 a 2018},
  author={Urquidi, Manuel and Valencia, Horacio and Durand, Guillaume},
  journal={Revista de an{\'a}lisis econ{\'o}mico},
  volume={36},
  number={2},
  pages={95--124},
  year={2021},
  publisher={SciELO Chile}
}

